@book{perez2021educacion,
  author    = {Juan Pérez},
  title     = {Educación digital en América Latina},
  year      = {2021},
  publisher = {Editorial UMSA}
}

@article{smith2020ai,
  author  = {Anna Smith and Robert White},
  title   = {The impact of AI in higher education},
  journal = {Journal of Educational Technology},
  year    = {2020},
  volume  = {34},
  number  = {2},
  pages   = {101--115}
}
